% This file was created with JabRef 2.7.2.
% Encoding: Cp1252

@UNPUBLISHED{Bobenko2010,
  author = {Alexander I. Bobenko and Ulrich Pinkall and Boris Springborn},
  title = {Discrete conformal maps and ideal hyperbolic polyhedra},
  note = {Preprint; \url{http://arxiv.org/abs/1005.2698}},
  year = {2010}
}

@UNPUBLISHED{BobSechSpr,
  author = {Alexander I. Bobenko and Stefan Sechelmann and Boris Springborn},
  title = {Uniformization of discrete {R}iemann surfaces},
  note = {in preparation},
  owner = {sechel},
  timestamp = {2013.01.07}
}

@UNPUBLISHED{Guo2010,
  author = {Ren Guo},
  title = {Combinatorial Yamabe flow on hyperbolic surfaces with boundary},
  note = {Preprint; \url{http://arxiv.org/abs/1003.3910}},
  month = {3},
  year = {2010},
  owner = {sechel},
  timestamp = {2013.01.07}
}

@ARTICLE{Luo2004,
  author = {Luo, Feng},
  title = {Combinatorial Yamabe flow on surfaces.},
  journal = {Commun. Contemp. Math. },
  year = {2004},
  volume = {6},
  pages = {765-780},
  number = {5},
  doi = {10.1142/S0219199704001501},
  language = {English}
}

@ARTICLE{Springborn2008,
  author = {Boris Springborn and Peter Schr{\"o}der and Ulrich Pinkall},
  title = {Conformal equivalence of triangle meshes},
  journal = {ACM Trans. Graph.},
  year = {2008},
  volume = {27},
  pages = {\#{}77, 1--11},
  number = {3},
  bibsource = {DBLP, http://dblp.uni-trier.de},
  ee = {http://doi.acm.org/10.1145/1360612.1360676},
  owner = {sechel},
  timestamp = {2013.01.07}
}

@comment{jabref-meta: selector_review:}

@comment{jabref-meta: selector_publisher:}

@comment{jabref-meta: selector_author:}

@comment{jabref-meta: selector_journal:}

@comment{jabref-meta: selector_keywords:}

