%% This BibTeX bibliography file was created using BibDesk.
%% http://bibdesk.sourceforge.net/


%% Created for Stefan Sechelmann at 2012-04-25 23:12:51 +0200 


%% Saved with string encoding Unicode (UTF-8) 


@comment{jabref-meta: selector_review:}
@comment{jabref-meta: selector_publisher:}
@comment{jabref-meta: selector_author:}
@comment{jabref-meta: selector_journal:}
@comment{jabref-meta: selector_keywords:}


@inproceedings{Alpermann2012,
	Author = {Alpermann, H. and Lafuente Hern\'andez, E. and Gengnagel, C.},
	Booktitle = {Conference Proceedings IASS Symposium 2012},
	Date-Added = {2012-04-25 21:09:19 +0000},
	Date-Modified = {2012-04-25 21:12:26 +0000},
	Title = {Case-studies of arched structures using actively-bent elements},
	Year = {2012}
}

@inproceedings{Bouhaya2011,
	Author = {Bouhaya, L. and Baverel, O. and Caron, J-F.},
	Booktitle = {10\`eme Colloque national en calcul des structures (CSMA)},
	Date-Added = {2012-04-25 21:09:19 +0000},
	Date-Modified = {2012-04-25 21:12:26 +0000},
	Title = {Optimisation structurelle des gridshells},
	Address = {Giens, France},
	Year = {2011},
	Month = {May}
}

@book{IL1974,
	Author = {Otto, F. and Schauer, E. and Hennicke, J. and Hasegawa, T.},
	Date-Added = {2012-04-25 21:06:23 +0000},
	Date-Modified = {2012-04-25 21:06:23 +0000},
	Publisher = {Seibu Construction Company / Institut f\"ur Leich\-te Fl{\"a}\-chen\-trag\-wer\-ke / Kr\"amer},
	Title = {Gitterschalen: Bericht \"uber das japanisch-deutsche Forschungsprojekt S.T.T., durchgef\"uhrt von Mai 1971 bis Mai 1973 am Institut f\"ur Leich\-te Fl{\"a}\-chen\-trag\-wer\-ke.},
	Year = {1974}
}

@MISC{Kuijvenhoven2009,
  author = {Kuijvenhoven, M.},
  title = {A design method for timber grid shells},
  year = {2009},
  note = {Master's thesis, Delft University of Technology}
}

@inproceedings{Henandez2011,
	Author = {Elisa {Lafuente Hern\'andez} and Christoph Gengnagel and Stefan Sechelmann and Thilo R\"orig},
	Booktitle = {Computational Design Modeling: Proceedings of the Design Modeling Symposium Berlin 2011},
	Date-Added = {2012-04-25 21:09:19 +0000},
	Date-Modified = {2012-04-25 21:12:26 +0000},
	Title = {On the Materiality and Structural Behaviour of highly-elastic Gridshell Structures },
	Year = {2011}
}

@book{gengnagel2012computational,
	Author = {Gengnagel, C. and Kilian, A. and Palz, N. and Scheurer, F.},
	Date-Added = {2012-04-25 21:06:23 +0000},
	Date-Modified = {2012-04-25 21:06:23 +0000},
	Isbn = {9783642234347},
	Publisher = {Springer},
	Title = {Computational Design Modeling: Proceedings of the Design Modeling Symposium Berlin 2011},
	Url = {http://books.google.de/books?id=diiTjiV8eewC},
	Year = {2012},
	Bdsk-Url-1 = {http://books.google.de/books?id=diiTjiV8eewC}}

@incollection{aag2010221,
    author={Alexander Schiftner and Jonathan Balzer},
    title={Statics-Sensitive Layout of Planar Quadrilateral Meshes},
    pages={221-236},
    booktitle={Advances in Architectural Geometry 2010},
    editor={Cristiano Ceccato and others},
    publisher={Springer},
    year={2010},
} 

@MISC{petsc-web-page,
  author = {Satish Balay and Jed Brown and Kris Buschelman and William D. Gropp
	and Dinesh Kaushik and Matthew G. Knepley and Lois Curfman McInnes
	and Barry F. Smith and Hong Zhang},
  title = {{PETSc} {W}eb page},
  year = {2011},
  note = {{\http:// www. mcs. anl. gov/ petsc}}
}

@MISC{tao-user-ref,
  author = {Steve Benson and Lois Curfman McInnes and Jorge Mor\'{e} and Todd
	Munson and Jason Sarich},
  title = {{TAO} User Manual (Revision 1.9)},
  year = {2007},
  note = {{\http:// www. mcs. anl. gov/ tao}},
  institution = {Mathematics and Computer Science Division, Argonne National Laboratory},
  number = {ANL/MCS-TM-242}
}

@MISC{jpetsctao-web-page,
  author = {Hannes Sommer},
  title = {{jPETScTao JNI library} web page},
  year = {2010},
  note = {{\http:// jpetsctao. zwoggel. net/}}
}

@article{springbornetal:2008,
        title = "Conformal equivalence of triangle meshes",
        author = "Boris Springborn and Peter Schr{\"o}der and Ulrich
        Pinkall",
        journal = "ACM Trans.\ Graphics",
        volume = 27,
        number = 3,
        pages = {\#{}77, 1--11},
        year = 2008,
} 

@article {voss,
   author = {Voss, A.},
   affiliation = {Dresden},
   title = {{U}eber ein neues {P}rincip der {A}bbildung krummer {O}berfl\"achen},
   journal = {Mathematische Annalen},
   publisher = {Springer Berlin / Heidelberg},
   issn = {0025-5831},
   keyword = {Mathematik und Statistik},
   pages = {1-26},
   volume = {19},
   issue = {1},
   url = {http://dx.doi.org/10.1007/BF01447291},
   year = {1881}
}