@book{archgeom:2007,
	author = "Helmut Pottmann and Andreas Asperl and Michael Hofer
		and Axel Kilian",
	title = "Architectural Geometry",
	year = 2007,
	publisher = "Bentley Institute Press",
}

@incollection{schiftner-2008-afs,
        author = "Alexander Schiftner and Jacques Raynaud
                and Niccolo Baldassini and Pengbo Bo and Helmut Pottmann",
        title = "Architectural freeform structures from single curved panels",
        booktitle = "Advances in Architectural Geometry",
        pages = "45-48",
	publisher = "TU Wien",
	address = "Vienna",
        isbn = "978-3-902233-03-5",
        year = 2008,
}

@article{pauly-2008-sr,
        author = "Mark Pauly and Niloy J. Mitra and Johannes Wallner
		and Helmut Pottmann and Leonidas Guibas",
        title = "Discovering Structural Regularity in {3D} Geometry",
        journal  = "ACM Trans. Graphics",
        volume = "27",
        number = "3",
        pages = "\#43, 1-11",
        note = "Proc.\ SIGGRAPH",
        year = "2008",
}

@article{dandelin-1822,
        author = "G. P. Dandelin",
	title = "{M\'emoire sur quelques propri\'et\'es remarquables
		de la focale parabolique}",
	journal = "Nouv.\ M\`em.\ Ac.\ Sc.\ de Belgique",
	volume = 2,
	year = 1822,
	pages = 172,
}
@article{chusequin:2002,
        author = "C. H. Chu and Carlo S{\'e}quin",
        title = "Developable {B}{\'e}zier patches: properties and design",
        journal = "Comput. Aided Design",
        volume = 34,
        pages = "511-528",
        year = 2002,
}
