% This file was created with JabRef 2.9.2.
% Encoding: MacRoman

@INPROCEEDINGS{ARAP,
  author = {Alexa, Marc and Cohen-Or, Daniel and Levin, David},
  title = {As-rigid-as-possible Shape Interpolation},
  booktitle = {Proceedings of the 27th Annual Conference on Computer Graphics and
	Interactive Techniques},
  year = {2000},
  series = {SIGGRAPH '00},
  pages = {157--164},
  address = {New York, NY, USA},
  publisher = {ACM Press/Addison-Wesley Publishing Co.},
  acmid = {344859},
  doi = {10.1145/344779.344859},
  isbn = {1-58113-208-5},
  keywords = {compatible triangulation, shape blending, vertex path problem},
  numpages = {8},
  url = {http://dx.doi.org/10.1145/344779.344859}
}

@MISC{petsc-web-page,
  author = {Satish Balay and Jed Brown and Kris Buschelman and William D. Gropp
	and Dinesh Kaushik and Matthew G. Knepley and Lois Curfman McInnes
	and Barry F. Smith and Hong Zhang},
  title = {{PETSc} {W}eb page},
  year = {2011},
  note = {\url{http://www.mcs.anl.gov/petsc}},
  owner = {sechel},
  timestamp = {2013.01.28}
}

@MISC{tao-user-ref,
  author = {Steve Benson and Lois Curfman McInnes and Jorge Mor\'{e} and Todd
	Munson and Jason Sarich},
  title = {{TAO} User Manual (Revision 1.9)},
  year = {2007},
  note = {\url{http://www.mcs.anl.gov/tao}},
  institution = {Mathematics and Computer Science Division, Argonne National Laboratory},
  number = {ANL/MCS-TM-242},
  owner = {sechel},
  timestamp = {2013.01.28}
}

@ARTICLE{bo-2011-cas,
  author = {Pengbo Bo and Helmut Pottmann and Martin Kilian and Wenping Wang
	and Johannes Wallner},
  title = {Circular arc structures},
  journal = {ACM Trans. Graphics},
  year = {2011},
  volume = {30},
  pages = {\#101,1--11},
  note = {Proc. SIGGRAPH},
  doi = {http://doi.acm.org/10.1145/1964921.1964996},
  url = {http://www.geometrie.tugraz.at/wallner/cas.pdf}
}

@INPROCEEDINGS{Bommes2009,
  author = {Bommes, David and Zimmer, Henrik and Kobbelt, Leif},
  title = {Mixed-integer Quadrangulation},
  booktitle = {ACM SIGGRAPH 2009 Papers},
  year = {2009},
  series = {SIGGRAPH '09},
  pages = {77:1--77:10},
  address = {New York, NY, USA},
  publisher = {ACM},
  acmid = {1531383},
  articleno = {77},
  doi = {10.1145/1576246.1531383},
  isbn = {978-1-60558-726-4},
  keywords = {direction field, mixed-integer, parametrization, quadrangulation,
	remeshing, singularities},
  location = {New Orleans, Louisiana},
  numpages = {10},
  url = {http://doi.acm.org/10.1145/1576246.1531383}
}

@ARTICLE{Ceccato,
  author = {James Glymph and Dennis Shelden and Cristiano Ceccato and Judith
	Mussel and Hans Schober},
  title = {A parametric strategy for free-form glass structures using quadrilateral
	planar facets },
  journal = {Automation in Construction },
  year = {2004},
  volume = {13},
  pages = {187 - 202},
  number = {2},
  note = {Conference of the Association for Computer Aided Design in Architecture
	},
  doi = {http://dx.doi.org/10.1016/j.autcon.2003.09.008},
  issn = {0926-5805},
  keywords = {Parametric},
  url = {http://www.sciencedirect.com/science/article/pii/S0926580503001055}
}

@MISC{panelingtools,
  author = {McNeel},
  title = {Paneling Tool Documentation},
  howpublished = {\url{http://wiki.mcneel.com/labs/panelingtools}},
  owner = {offbeata},
  timestamp = {2014.05.01}
}

@ARTICLE{NieserPPZ12,
  author = {Nieser, Matthias and Palacios, Jonathan and Polthier, Konrad and
	Zhang, Eugene},
  title = {Hexagonal Global Parameterization of Arbitrary Surfaces.},
  journal = {IEEE Trans. Vis. Comput. Graph.},
  year = {2012},
  volume = {18},
  pages = {865-878},
  number = {6},
  added-at = {2012-04-21T00:00:00.000+0200},
  biburl = {http://www.bibsonomy.org/bibtex/2a634ead2088bda8b43d4d60778a54a38/dblp},
  ee = {http://doi.ieeecomputersociety.org/10.1109/TVCG.2011.118},
  interhash = {ac6d4784958eeb1cf1fd5c9c9e1cbc85},
  intrahash = {a634ead2088bda8b43d4d60778a54a38},
  keywords = {dblp},
  timestamp = {2012-04-21T00:00:00.000+0200},
  url = {http://dblp.uni-trier.de/db/journals/tvcg/tvcg18.html#NieserPPZ12}
}

@ARTICLE{SHWP09,
  author = {Alexander Schiftner and Mathias H{\"o}binger and Johannes Wallner
	and Helmut Pottmann},
  title = {Packing circles and spheres on surfaces},
  journal = {ACM Trans. Graphics},
  year = {2009},
  volume = {28},
  pages = {\#139,1--8},
  number = {5},
  note = {{P}roc.\ SIGGRAPH Asia},
  owner = {sechel},
  timestamp = {2013.01.28}
}

@MISC{varylab-web-page,
  author = {Stefan Sechelmann and Thilo R{\"o}rig},
  title = {{\sc VaryLab} web page},
  year = {2013},
  note = {\url{http://www.varylab.com}},
  owner = {sechel},
  timestamp = {2013.01.28}
}

@INCOLLECTION{SRB12,
  author = {Sechelmann, Stefan and R{\"o}rig, Thilo and Bobenko, Alexander I.},
  title = {Quasiisothermic Mesh Layout},
  booktitle = {Advances in Architectural Geometry 2012},
  publisher = {Springer Vienna},
  year = {2013},
  editor = {Hesselgren, Lars and Sharma, Shrikant and Wallner, Johannes and Baldassini,
	Niccolo and Bompas, Philippe and Raynaud, Jacques},
  pages = {243-258},
  doi = {10.1007/978-3-7091-1251-9_20},
  isbn = {978-3-7091-1250-2},
  language = {English},
  url = {http://dx.doi.org/10.1007/978-3-7091-1251-9_20}
}

@MISC{jpetsctao-web-page,
  author = {Hannes Sommer},
  title = {{\sc JpetscTao}, {JNI} wrapper},
  year = {2010},
  note = {\url{http://jpetsctao. zwoggel.net/}},
  owner = {sechel},
  timestamp = {2013.01.28}
}

@ARTICLE{SSP08,
  author = {Springborn, Boris and Schr\"{o}der, Peter and Pinkall, Ulrich},
  title = {Conformal equivalence of triangle meshes},
  journal = {ACM Trans. Graph.},
  year = {2008},
  volume = {27},
  pages = {77:1--77:11},
  number = {3},
  month = aug,
  acmid = {1360676},
  address = {New York, NY, USA},
  articleno = {77},
  doi = {10.1145/1360612.1360676},
  issn = {0730-0301},
  issue_date = {August 2008},
  keywords = {cone singularities, conformal equivalence, conformal parameterization,
	discrete Riemannian metric, discrete differential geometry, texture
	mapping},
  numpages = {11},
  owner = {sechel},
  publisher = {ACM},
  timestamp = {2014.03.20},
  url = {http://doi.acm.org/10.1145/1360612.1360676}
}

@INPROCEEDINGS{Troche,
  author = {Christian Troche},
  title = {Planar Hexagonal Meshes by Tangent Plane Intersection},
  booktitle = {Advances in Architectural Geometry 2008},
  year = {2008},
  pages = {57--64},
  owner = {sechel},
  timestamp = {2014.05.02}
}

@MISC{Wang_hexagonalmeshes,
  author = {Wenping Wang and Yang Liu and Dongming Yan and Bin Chan and Ruotian
	Ling and Feng Sun},
  title = {Hexagonal Meshes with Planar Faces}
}

@INCOLLECTION{TangentPlanes,
  author = {Zimmer, Henrik and Campen, Marcel and Herkrath, Ralf and Kobbelt,
	Leif},
  title = {Variational Tangent Plane Intersection for Planar Polygonal Meshing},
  booktitle = {Advances in Architectural Geometry 2012},
  publisher = {Springer Vienna},
  year = {2013},
  editor = {Hesselgren, Lars and Sharma, Shrikant and Wallner, Johannes and Baldassini,
	Niccolo and Bompas, Philippe and Raynaud, Jacques},
  pages = {319-332},
  doi = {10.1007/978-3-7091-1251-9_26},
  isbn = {978-3-7091-1250-2},
  language = {English},
  url = {http://dx.doi.org/10.1007/978-3-7091-1251-9_26}
}

